@article{hester2017deep,
  title={Deep Q-learning from Demonstrations},
  author={Hester, Todd and Vecerik, Matej and Pietquin, Olivier and Lanctot, Marc and Schaul, Tom and Piot, Bilal and Horgan, Dan and Quan, John and Sendonaris, Andrew and Dulac-Arnold, Gabriel and others},
  journal={arXiv preprint arXiv:1704.03732},
  year={2017}
}

@article{DBLP:journals/corr/abs-1711-00267,
  author    = {Wenbin Li and Jeannette Bohg and Mario Fritz},
  title     = {Acquiring Target Stacking Skills by Goal-Parameterized Deep Reinforcement Learning},
  journal   = {CoRR},
  volume    = {abs/1711.00267},
  year      = {2017},
  url       = {http://arxiv.org/abs/1711.00267},
  archivePrefix = {arXiv},
  eprint    = {1711.00267},
  timestamp = {Mon, 13 Aug 2018 16:48:38 +0200},
  biburl    = {https://dblp.org/rec/bib/journals/corr/abs-1711-00267},
  bibsource = {dblp computer science bibliography, https://dblp.org}
}

@inproceedings{hohm2007evolutionary,
  title={An evolutionary algorithm for the block stacking problem},
  author={Hohm, Tim and Egli, Matthias and Gaehwiler, Samuel and Bleuler, Stefan and Feller, Jonathan and Frick, Damian and Huber, Richard and Karlsson, Mathias and Lingenhag, Reto and Ruetimann, Thomas and others},
  booktitle={International Conference on Artificial Evolution (Evolution Artificielle)},
  pages={112--123},
  year={2007},
  organization={Springer}
}

@article{dvzeroski2001relational,
  title={Relational reinforcement learning},
  author={D{\v{z}}eroski, Sa{\v{s}}o and De Raedt, Luc and Driessens, Kurt},
  journal={Machine learning},
  volume={43},
  number={1-2},
  pages={7--52},
  year={2001},
  publisher={Springer}
}

@article{mnih2013playing,
  title={Playing atari with deep reinforcement learning},
  author={Mnih, Volodymyr and Kavukcuoglu, Koray and Silver, David and Graves, Alex and Antonoglou, Ioannis and Wierstra, Daan and Riedmiller, Martin},
  journal={arXiv preprint arXiv:1312.5602},
  year={2013}
}

@article{mnih2015human,
  title={Human-level control through deep reinforcement learning},
  author={Mnih, Volodymyr and Kavukcuoglu, Koray and Silver, David and Rusu, Andrei A and Veness, Joel and Bellemare, Marc G and Graves, Alex and Riedmiller, Martin and Fidjeland, Andreas K and Ostrovski, Georg and others},
  journal={Nature},
  volume={518},
  number={7540},
  pages={529},
  year={2015},
  publisher={Nature Publishing Group}
}

@inproceedings{duan2017one,
  title={One-shot imitation learning},
  author={Duan, Yan and Andrychowicz, Marcin and Stadie, Bradly and Ho, OpenAI Jonathan and Schneider, Jonas and Sutskever, Ilya and Abbeel, Pieter and Zaremba, Wojciech},
  booktitle={Advances in neural information processing systems},
  pages={1087--1098},
  year={2017}
}

@misc{pygame,
  title = {{PyGame}},
  howpublished = "\url{https://www.pygame.org}",
  year = {2018}, 
  note = "[Online; accessed 10-Dec-2018]"
}

@misc{threejs,
  title = {{Three JS}},
  howpublished = "\url{https://threejs.org/}",
  year = {2018}, 
  note = "[Online; accessed 10-Dec-2018]"
}

@misc{openaigym,
  title = {{Open AI Gym}},
  howpublished = "\url{https://gym.openai.com/}",
  year = {2018}, 
  note = "[Online; accessed 10-Dec-2018]"
}

@misc{mujoco,
  title = {{Mujoco}},
  howpublished = "\url{http://www.mujoco.org/}",
  year = {2018}, 
  note = "[Online; accessed 10-Dec-2018]"
}

@misc{cannonjs,
  title = {{Cannon JS}},
  howpublished = "\url{http://www.cannonjs.org/}",
  year = {2018}, 
  note = "[Online; accessed 10-Dec-2018]"
}







